%% report.bib - contains BiBtex input for bibliography

@inproceedings{KahnSPIE, 
	author = "Steve Kahn", 
	title  = "Final design of the Large Synoptic Survey Telescope", 
	booktitle= "Ground-Based and Airborne Telescopes IV",
	series = "Proc. SPIE", 
	volume = "9906",
	pages  = "in press", 
	year   = "2016"	} 

@inproceedings{DECamStatus, 
	author = "{Flaugher, B. L. {\it et al.}}", 
	title  = "Status of the Dark Energy Survey Camera (DECam) project", 
	booktitle= "Ground-Based and Airborne Telescopes IV",
	series = "Proc. SPIE", 
	volume = "844611",
	pages  = "1-15", 
	year   = "2012"	} 


@article{roodman14,
author="Roodman, A. and Reil, K. and Davis, C.",
title="{Wavefront Sensing and the Active Optics System of the Dark Energy Camera}",
journal="Proc. SPIE",
volume="9145",
pages="914516",
year="2014" }


@article{Ivezic08, 
	author = "{Ivezi\'{c}, \v{Z}. {\it et al.}}", 
	title  = "{LSST: from Science Drivers to Reference Design and Anticipated Data Products}", 
        journal = "arXiv:0805.2366",
volume="v4",
	year   = "2008"	} 


@article{lsstcwfs,
author = "Bo Xin and Chuck Claver and Ming Liang and Srinivasan Chandrasekharan and George Angeli and Ian Shipsey",
title = "Curvature wavefront sensing for the Large Synoptic Survey Telescope",
journal = "Applied Optics",
volume = "54",
issue = "30",
pages = "9045-9054",
year = "2015" }

@article{Roddier93,
author = "Roddier, C. and Roddier, F.",
title = "Wave-front reconstruction from defocused images and the testing of ground-based optical telescopes", 
journal = "J. Opt. Soc. Am. A",
volume = "10",
No = "11",
pages = "2277-2287",
year = "1993"  }


@article{GuNu96,
author= "Guruyev, T. and Nugent, K.",
title="Phase retrieval with the
transport-of-intensity equation. II. Orthogonal series solution for
nonuniform illumination",
journal = "J. Opt. Soc. Am. A",
volume = "13",
pages = "1670-1682",
year = "1996"  }


@article{standardZ,
author = "Noll, R.",
title = "Zernike polynomials and atmospheric turbulence",
journal = "J. Opt. Soc. Am.",
volume = "66",
No = "3",
pages = "207-211",
year = "1976"  }

@article{annularZ,
author = "Mahajan, V. N.",
title = "Zernike annular polynomials for imaging systems with annular pupils",
journal = "J. Opt. Soc. Am.",
volume = "71",
No = "1",
pages = "75-85",
year = "1981"  }

@article{SchechterPASP,
author="Paul L. Schechter and Rebecca Sobel Levinson",
title="{Generic Misalignment Aberration Patterns in Wide-Field Telescopes}",
journal="\pasp",
volume="123",
pages="812-832",
year ="2011" }
